<record xmlns="http://www.loc.gov/MARC21/slim" xmlns:xsi="http://www.w3.org/2001/XMLSchema-instance" xsi:schemaLocation="http://www.loc.gov/MARC21/slim http://www.loc.gov/standards/marcxml/schema/MARC21slim.xsd">

  <leader>00652nam a2200133Ia 4500</leader>
  <datafield ind1=" " tag="999" ind2=" ">
    <subfield code="c">1212</subfield>
    <subfield code="d">1212</subfield>
  </datafield>
  <controlfield tag="008">170510b2005    cr ||||| |||| 00| | spa d</controlfield>
  <datafield ind1=" " tag="090" ind2=" ">
    <subfield code="a">01.01.04</subfield>
    <subfield code="b"> 1099</subfield>
  </datafield>
  <datafield ind2=" " tag="110" ind1="2">
    <subfield code="9">2716</subfield>
    <subfield code="a">Centro de Investigación y Capacitación en Administración Pública (CICAP)</subfield>
  </datafield>
  <datafield tag="245" ind2="0" ind1="1">
    <subfield code="a">Foro Nacional sobre Gestión Pública, Etica y Gobernabilidad: tareas estrategias del Estado y Sociedad costarricense para el siglo XXI / </subfield>
    <subfield code="c">Centro de Investigación y capacitación en Administración Pública (CICAP)</subfield>
  </datafield>
  <datafield ind2=" " tag="260" ind1=" ">
    <subfield code="a">San José, Costa Rica : </subfield>
    <subfield code="b">Escuela de Administración Pública, </subfield>
    <subfield code="c"> 2005</subfield>
  </datafield>
  <datafield ind2=" " tag="300" ind1=" ">
    <subfield code="a">126 páginas</subfield>
  </datafield>
  <datafield ind1=" " tag="650" ind2="0">
    <subfield code="a">GESTIÓN DE PROGRAMAS</subfield>
    <subfield code="9">2717</subfield>
  </datafield>
  <datafield ind1=" " tag="942" ind2=" ">
    <subfield code="2">z</subfield>
    <subfield code="c">01</subfield>
  </datafield>
</record>